%% This BibTeX bibliography file was created using BibDesk.
%% https://bibdesk.sourceforge.io/

%% Created for 莊程翔 at 2023-03-26 00:35:07 +0800 


%% Saved with string encoding Unicode (UTF-8) 



@article{Ernie1,
	author = {莊程翔 and Ernie Zhuang},
	date-added = {2023-03-25 23:27:49 +0800},
	date-modified = {2023-03-25 23:27:49 +0800},
	journal = {期刊名稱},
	number = {3},
	pages = {203--255},
	title = {遇到中文文獻只能夠靠手動引述，因為標點符號不支援1},
	volume = {31},
	year = {2023}}

@article{Ernie2,
	author = {莊程翔 and Ernie Zhuang},
	date-added = {2023-03-25 23:24:23 +0800},
	date-modified = {2023-03-25 23:27:59 +0800},
	journal = {期刊名稱},
	number = {3},
	pages = {203--255},
	title = {遇到中文文獻只能夠靠手動引述，因為標點符號不支援2},
	volume = {31},
	year = {2023}}

@article{Guo2011,
	author = {郭祐誠與許聖章},
	date-modified = {2023-03-26 00:35:04 +0800},
	journal = {經濟論文叢刊},
	number = {4},
	pages = {541--591},
	publisher = {臺灣大學經濟學系},
	title = {數學能力與性別對高中學生選組之影響},
	volume = {39},
	year = {2011}}

@article{melitz2003,
	author = {Melitz, Marc J},
	journal = {econometrica},
	number = {6},
	pages = {1695--1725},
	publisher = {Wiley Online Library},
	title = {The impact of trade on intra-industry reallocations and aggregate industry productivity},
	volume = {71},
	year = {2003}}

@article{sin1996,
	author = {Sin, Chor-Yiu and White, Halbert},
	journal = {Journal of Econometrics},
	number = {1-2},
	pages = {207--225},
	publisher = {Elsevier},
	title = {Information criteria for selecting possibly misspecified parametric models},
	volume = {71},
	year = {1996}}
